
% =================
%  Core background 
%==================


@Misc{ghc,
  key =       {GHC},
  author =    {{GHC Team}},
  title =     {The Glorious {G}lasgow {H}askell Compilation System User's Guide, Version 7.4.1},
  OPThowpublished = {},
  month =     {March},
  year =      {2012},
  note =      {Available at \url{http://www.haskell.org/ghc/docs/latest/html/users_guide/}},
  OPTannote =    {}
}

